@article{LNW10,
author = {Ching-Lung Lin and Gen Nakamura and Jenn-Nan Wang},
title = {{Optimal three-ball inequalities and quantitative uniqueness for the Lamé system with Lipschitz coefficients}},
volume = {155},
journal = {Duke Mathematical Journal},
number = {1},
publisher = {Duke University Press},
pages = {189 -- 204},
year = {2010},
doi = {10.1215/00127094-2010-054},
URL = {https://doi.org/10.1215/00127094-2010-054}
}

@article{BBFV20,
	doi = {10.1088/1361-6420/ab9161},
	url = {https://doi.org/10.1088/1361-6420/ab9161},
	year = 2020,
	month = {aug},
	publisher = {{IOP} Publishing},
	volume = {36},
	number = {8},
	pages = {085003},
	author = {Muriel Boulakia and Erik Burman and Miguel A. Fern{\'{a}}ndez and Colette Voisembert},
	title = {Data assimilation finite element method for the linearized {N}avier{\textendash}{S}tokes equations in the low {R}eynolds regime},
	journal = {Inverse Problems},
}

@article{R91,
author = { Luc   Robbiano },
title = {Théorème d'unicité adapté au contrôle des solutions des problèmes hyperboliques},
journal = {Communications in Partial Differential Equations},
volume = {16},
number = {4-5},
pages = {789-800},
year  = {1991},
publisher = {Taylor & Francis},
doi = {10.1080/03605309108820778},
URL = { https://doi.org/10.1080/03605309108820778},
eprint = { https://doi.org/10.1080/03605309108820778}
}

@article{EHL18,
	doi = {10.1088/1361-6420/aaa32b},
	url = {https://doi.org/10.1088/1361-6420/aaa32b},
	year = 2018,
	month = {jan},
	publisher = {{IOP} Publishing},
	volume = {34},
	number = {3},
	pages = {035004},
	author = {Erik Burman and Peter Hansbo and Mats G Larson},
	title = {Solving ill-posed control problems by stabilized finite element methods: an alternative to {T}ikhonov regularization},
	journal = {Inverse Problems},
}

@phdthesis{N20,
author = {Nechita, Mihai},
year = {2020},
month = {10},
pages = {},
school = {University College London},
title = {Unique continuation problems and stabilised finite element methods},
URL = {https://discovery.ucl.ac.uk/id/eprint/10113065}
}

@book{DPE12,
  title={Mathematical aspects of discontinuous {G}alerkin methods},
  author={Di Pietro, Daniele Antonio and Ern, Alexandre},
  volume={69},
  year={2011},
  publisher={Springer Science \& Business Media}
}

@article{BDE21,
author = {Burman, Erik and Delay, Guillaume and Ern, Alexandre},
title = {A {H}ybridized {H}igh-{O}rder {M}ethod for {U}nique {C}ontinuation {S}ubject to the {H}elmholtz {E}quation},
journal = {SIAM Journal on Numerical Analysis},
volume = {59},
number = {5},
pages = {2368-2392},
year = {2021},
doi = {10.1137/20M1375619},
URL = { https://doi.org/10.1137/20M1375619},
eprint = { https://doi.org/10.1137/20M1375619}
}

@misc{WZ22,
  doi = {10.48550/ARXIV.2203.10813},
  url = {https://arxiv.org/abs/2203.10813},
  author = {Zhou, Yu and Wu, Haijun},
  keywords = {Numerical Analysis (math.NA), FOS: Mathematics, FOS: Mathematics},
  title = {Dispersion {A}nalysis of {CIP}-{FEM} for {H}elmholtz {E}quation},
  publisher = {arXiv},
  year = {2022},
}

@article{B13,
author = {Burman, Erik},
title = {Stabilized {F}inite {E}lement {M}ethods for {N}onsymmetric, {N}oncoercive, and {I}ll-{P}osed {P}roblems. {P}art {I}: {E}lliptic {E}quations},
journal = {SIAM Journal on Scientific Computing},
volume = {35},
number = {6},
pages = {A2752-A2780},
year = {2013},
doi = {10.1137/130916862},
URL = { https://doi.org/10.1137/130916862},   
}

@article{BO18,
  title={Data assimilation for the heat equation using stabilized finite element methods},
  author={Burman, Erik and Oksanen, Lauri},
  journal={Numerische Mathematik},
  volume={139},
  number={3},
  pages={505--528},
  year={2018},
  publisher={Springer}
}

@article{BNO19,
title = {Unique continuation for the {H}elmholtz equation using stabilized finite element methods},
journal = {Journal de Mathématiques Pures et Appliquées},
volume = {129},
pages = {1-22},
year = {2019},
issn = {0021-7824},
doi = {https://doi.org/10.1016/j.matpur.2018.10.003},
url = {https://www.sciencedirect.com/science/article/pii/S0021782418301582},
author = {Erik Burman and Mihai Nechita and Lauri Oksanen},
}

@article{DLW21,
  title={Strong unique continuation for the {L}am{\'e} system with less regular coefficients},
  author={Davey, Blair and Lin, Ching-Lung and Wang, Jenn-Nan},
  journal={Mathematische Annalen},
  volume={381},
  number={1},
  pages={1005--1029},
  year={2021},
  publisher={Springer}
}

@article{LNUW10,
author = {Lin, Ching-Lung and Nakamura, Gen and Uhlmann, Gunther and Wang, J.},
year = {2011},
month = {05},
pages = {85--92},
title = {Quantitative strong unique continuation for the {L}am\'e system with less regular coefficients},
volume = {18},
journal = {Methods and Applications of Analysis},
doi = {10.4310/MAA.2011.v18.n1.a5}
}

@article{UFL14,
author = {Aln\ae{e}s, Martin S. and Logg, Anders and \O{}lgaard, Kristian B. and Rognes, Marie E. and Wells, Garth N.},
title = {Unified {F}orm {L}anguage: A {D}omain-{S}ecific {L}anguage for {W}eak {F}ormulations of {P}artial {D}ifferential {E}quations},
year = {2014},
issue_date = {February 2014},
publisher = {Association for Computing Machinery},
address = {New York, NY, USA},
volume = {40},
number = {2},
issn = {0098-3500},
url = {https://doi.org/10.1145/2566630},
doi = {10.1145/2566630},
journal = {ACM Trans. Math. Softw.},
month = {mar},
articleno = {9},
numpages = {37},
keywords = {implicit summation, algorithmic differentiation, einstein notation, domain specific language, DSEL, mixed element, functional, weak form, automatic functional differentiation, embedded language, symbolic differentiation, PDE, DSL, partial differential equation, discretization, weak formulation, AD, index notation, finite element method, tensor algebra, FEM}
}

@unpublished{BasixJoss22,
  title     = {Basix: a runtime finite element basis evaluation library},
  author    = {M. W. Scroggs and I. A. Baratta and C. N. Richardson and G. N. Wells},
  year      = {2022},
  note      = {submitted to Journal of Open Source Software},
}

@misc{ZW22,
  doi = {10.48550/ARXIV.2203.10813},
  url = {https://arxiv.org/abs/2203.10813},
  author = {Zhou, Yu and Wu, Haijun},
  keywords = {Numerical Analysis (math.NA), FOS: Mathematics, FOS: Mathematics},
  title = {Dispersion {A}nalysis of {CIP}-{FEM} for {H}elmholtz {E}quation},
  publisher = {arXiv},
  year = {2022},
  copyright = {arXiv.org perpetual, non-exclusive license}
}

@article{DH15,
author = {Du, Yu and Wu, Haijun},
title = {Preasymptotic {E}rror {A}nalysis of {H}igher {O}rder {FEM} and {CIP}-{FEM} for {H}elmholtz {E}quation with {H}igh {W}ave {N}umber},
journal = {SIAM Journal on Numerical Analysis},
volume = {53},
number = {2},
pages = {782-804},
year = {2015},
doi = {10.1137/140953125},
URL = { https://doi.org/10.1137/140953125},
eprint = {https://doi.org/10.1137/140953125}
}

@article{W13,
    author = {Wu, Haijun},
    title = "{Pre-asymptotic error analysis of {CIP}-{FEM} and {FEM} for the {H}elmholtz equation with high wave number. {P}art {I}: linear version}",
    journal = {IMA Journal of Numerical Analysis},
    volume = {34},
    number = {3},
    pages = {1266-1288},
    year = {2013},
    month = {10},
    issn = {0272-4979},
    doi = {10.1093/imanum/drt033},
    url = {https://doi.org/10.1093/imanum/drt033},
    eprint = {https://academic.oup.com/imajna/article-pdf/34/3/1266/2123639/drt033.pdf},
}

@misc{BG16,
  doi = {10.48550/ARXIV.1608.04243},
  url = {https://arxiv.org/abs/1608.04243}, 
  author = {Brown, Donald L. and Gallistl, Dietmar},  
  keywords = {Numerical Analysis (math.NA), FOS: Mathematics, FOS: Mathematics}, 
  title = {Multiscale {S}ub-grid {C}orrection {M}ethod for {T}ime-{H}armonic {H}igh-{F}requency {E}lastodynamics with {W}avenumber {E}xplicit {B}ounds},  
  publisher = {arXiv}, 
  year = {2016}, 
  copyright = {arXiv.org perpetual, non-exclusive license}
}

@article{CFN19 ,
    author = {Chaumont-Frelet, T and Nicaise, S},
    title = "{Wavenumber explicit convergence analysis for finite element discretizations of general wave propagation problems}",
    journal = {IMA Journal of Numerical Analysis},
    volume = {40},
    number = {2},
    pages = {1503-1543},
    year = {2019},
    month = {05},
    issn = {0272-4979},
    doi = {10.1093/imanum/drz020},
    url = {https://doi.org/10.1093/imanum/drz020},
    eprint = {https://academic.oup.com/imajna/article-pdf/40/2/1503/33143089/drz020.pdf},
}

@article{ZW13,
author = {Zhu, Lingxue and Wu, Haijun},
title = {Preasymptotic {E}rror {A}nalysis of {CIP}-{FEM} and {FEM} for {H}elmholtz {E}quation with {H}igh {W}ave {N}umber. {P}art {II}: \$hp\$ {V}ersion},
journal = {SIAM Journal on Numerical Analysis},
volume = {51},
number = {3},
pages = {1828-1852},
year = {2013},
doi = {10.1137/120874643},
URL = { https://doi.org/10.1137/120874643},
eprint = { https://doi.org/10.1137/120874643}
}

@article{DA81,
title = {Preliminary reference {E}arth model},
journal = {Physics of the Earth and Planetary Interiors},
volume = {25},
number = {4},
pages = {297-356},
year = {1981},
issn = {0031-9201},
doi = {https://doi.org/10.1016/0031-9201(81)90046-7},
url = {https://www.sciencedirect.com/science/article/pii/0031920181900467},
author = {Adam M. Dziewonski and Don L. Anderson}
}

@article{LS17,
author = {Armin Lechleiter and John W. Schlasche},
title = {Identifying {L}am\'e parameters from time-dependent elastic wave measurements},
journal = {Inverse Problems in Science and Engineering},
volume = {25},
number = {1},
pages = {2-26},
year  = {2017},
publisher = {Taylor & Francis},
doi = {10.1080/17415977.2015.1132713},
URL = { https://doi.org/10.1080/17415977.2015.1132713    },
eprint = { https://doi.org/10.1080/17415977.2015.1132713   }
}

@article{DBS19,
author = {Davies, Penny J. and Barnhill, Eric and Sack, Ingolf},
title = {The {MRE} {I}nverse {P}roblem for the {E}lastic {S}hear {M}odulus},
journal = {SIAM Journal on Applied Mathematics},
volume = {79},
number = {4},
pages = {1367-1388},
year = {2019},
doi = {10.1137/18M1201160},
URL = { https://doi.org/10.1137/18M1201160},
eprint = { https://doi.org/10.1137/18M1201160}
}

@article{MZM10,
	doi = {10.1088/0266-5611/26/8/085007},
	url = {https://doi.org/10.1088/0266-5611/26/8/085007},
	year = 2010,
	month = {jun},
	publisher = {{IOP} Publishing},
	volume = {26},
	number = {8},
	pages = {085007},
	author = {Joyce R McLaughlin and Ning Zhang and Armando Manduca},
	title = {Calculating tissue shear modulus and pressure by {2D} log-elastographic methods},
	journal = {Inverse Problems},
}

@article{IK90,
author = {Ito, Kazufumi and Kunisch, Karl},
title = {The {A}ugmented {L}agrangian {M}ethod for {P}arameter {E}stimation in {E}lliptic {S}ystems},
journal = {SIAM Journal on Control and Optimization},
volume = {28},
number = {1},
pages = {113-136},
year = {1990},
doi = {10.1137/0328006},
URL = { https://doi.org/10.1137/0328006},
eprint = { https://doi.org/10.1137/0328006}
}

@article{CT03,
author = {Chan, Tony F. and Tai, Xue-Cheng},
title = {Identification of {D}iscontinuous {C}oefficients in {E}lliptic {P}roblems {U}sing {T}otal {V}ariation {R}egularization},
journal = {SIAM Journal on Scientific Computing},
volume = {25},
number = {3},
pages = {881-904},
year = {2003},
doi = {10.1137/S1064827599326020},
URL = { https://doi.org/10.1137/S1064827599326020},
eprint = { https://doi.org/10.1137/S1064827599326020}
}

@article{BFMO21,
	author = {{Burman, Erik} and {Feizmohammadi, Ali} and {M\"unch, Arnaud} and {Oksanen, Lauri}},
	title = {Space time stabilized finite element methods for a unique continuation problem subject to the wave equation},
	DOI= "10.1051/m2an/2020062",
	url= "https://doi.org/10.1051/m2an/2020062",
	journal = {ESAIM: M2AN},
	year = 2021,
	volume = 55,
	pages = "S969-S991",
}

@article{BFMO21control,
         author = {{Burman, Erik} and {Feizmohammadi, Ali} and {M\"unch, Arnaud} and {Oksanen, Lauri}},
         title = {Spacetime finite element methods for control problems subject to the wave equation},
         DOI= "10.1051/cocv/2023028",
         url= https://doi.org/10.1051/cocv/2023028,
         journal = {ESAIM: COCV},
         year = 2023,
         volume = 29,
         pages = "41"
}

@mastersthesis{preussmaster,
  author = {{Preu\ss}, Janosch},
  title = {{Higher order unfitted isoparametric space-time FEM on moving domains}},
  type = {Master's thesis},
  school = {NAM, University of G\"ottingen},
  doi = {10.25625/UACWXS},
  url = {https://data.goettingen-research-online.de/file.xhtml?persistentId=doi:10.25625/UACWXS/HKWJE5&version=1.0},
  year = 2018,
  month = {February}
}

@phdthesis{L_PHD_2015,
  title = {On a Space-Time Extended Finite Element Method for the Solution of a Class of Two-Phase Mass Transport Problems},
  school = {RWTH Aachen},
  year = {2015},
  month = {February},
  author = {Christoph Lehrenfeld},
  url = {http://publications.rwth-aachen.de/record/462743},
  pdf = {http://publications.rwth-aachen.de/record/462743/files/462743.pdf}
}

@article{BFO20,
  title={A finite element data assimilation method for the wave equation},
  author={Burman, Erik and Feizmohammadi, Ali and Oksanen, Lauri},
  journal={Mathematics of Computation},
  volume={89},
  number={324},
  pages={1681--1709},
  year={2020}
}

@article{J93,
  title={Discontinuous Galerkin finite element methods for second order hyperbolic problems},
  author={Johnson, Claes},
  journal={Computer Methods in Applied Mechanics and Engineering},
  volume={107},
  number={1-2},
  pages={117--129},
  year={1993},
  publisher={Elsevier}
}

@article{BLR88,
    AUTHOR = {Bardos, C. and Lebeau, G. and Rauch, J.},
     TITLE = {Un exemple d'utilisation des notions de propagation pour le
              contr\^{o}le et la stabilisation de probl\`emes hyperboliques},
      NOTE = {Nonlinear hyperbolic equations in applied sciences},
   JOURNAL = {Rend. Sem. Mat. Univ. Politec. Torino},
  FJOURNAL = {Rendiconti del Seminario Matematico (gi\`a ``Conferenze di
              Fisica e di Matematica''). Universit\`a e Politecnico di Torino},
      YEAR = {1988},
    NUMBER = {Special Issue},
     PAGES = {11--31 (1989)}
}

@article{BLR92,
  title={Sharp sufficient conditions for the observation, control, and stabilization of waves from the boundary},
  author={Bardos, Claude and Lebeau, Gilles and Rauch, Jeffrey},
  journal={SIAM journal on control and optimization},
  volume={30},
  number={5},
  pages={1024--1065},
  year={1992},
  publisher={SIAM}
}

@article{MA89,
 ISSN = {00255718, 10886842},
 URL = {http://www.jstor.org/stable/2008467},
 author = {A. K. Aziz and Peter Monk},
 journal = {Mathematics of Computation},
 number = {186},
 pages = {255--274},
 publisher = {American Mathematical Society},
 title = {Continuous Finite Elements in Space and Time for the Heat Equation},
 urldate = {2022-10-05},
 volume = {52},
 year = {1989}
}

@article{FP96,
 ISSN = {00255718, 10886842},
 URL = {http://www.jstor.org/stable/2153599},
 author = {Donald A. French and Todd E. Peterson},
 journal = {Mathematics of Computation},
 number = {214},
 pages = {491--506},
 publisher = {American Mathematical Society},
 title = {A Continuous Space-Time Finite Element Method for the Wave Equation},
 urldate = {2022-10-07},
 volume = {65},
 year = {1996}
}

@article{ES16,
  title={Discontinuous Galerkin method in time combined with a stabilized finite element method in space for linear first-order PDEs},
  author={Ern, Alexandre and Schieweck, Friedhelm},
  journal={Mathematics of Computation},
  volume={85},
  number={301},
  pages={2099--2129},
  year={2016}
}

@article{BDE23,
author = {Burman, Erik and Delay, Guillaume and Ern, Alexandre},
title = {The Unique Continuation Problem for the Heat Equation Discretized with a High-Order Space-Time Nonconforming Method},
journal = {SIAM Journal on Numerical Analysis},
volume = {61},
number = {5},
pages = {2534-2557},
year = {2023},
doi = {10.1137/22M1508637},
}

@article{DMS23,
	author = {{Dahmen, Wolfgang} and {Monsuur, Harald} and {Stevenson, Rob}},
	title = {Least squares solvers for ill-posed PDEs that are conditionally stable},
	DOI= "10.1051/m2an/2023050",
	url= "https://doi.org/10.1051/m2an/2023050",
	journal = {ESAIM: M2AN},
	year = 2023,
	volume = 57,
	number = 4,
	pages = "2227-2255",
}

@article{MM21,
    author = {Mishra, Siddhartha and Molinaro, Roberto},
    title = "{Estimates on the generalization error of physics-informed neural networks for approximating a class of inverse problems for PDEs}",
    journal = {IMA Journal of Numerical Analysis},
    volume = {42},
    number = {2},
    pages = {981-1022},
    year = {2021},
    month = {06},
    issn = {0272-4979},
    doi = {10.1093/imanum/drab032},
}

@article{N23, 
title={Solving ill-posed Helmholtz problems with physics-informed neural networks}, 
volume={52},
url={https://www.ictp.acad.ro/jnaat/journal/article/view/1305}, 
DOI={10.33993/jnaat521-1305}, 
number={1}, 
journal={J. Numer. Anal. Approx. Theory}, 
author={Nechita, Mihai}, 
year={2023}, 
month={Jul.}, 
pages={90–101} 
}

@book{S70,
title = {Singular {I}ntegrals and {D}ifferentiability {P}roperties of {F}unctions ({PMS}-30), {V}olume 30},
author = {Elias M. Stein},
publisher = {Princeton University Press},
address = {Princeton},
doi = {doi:10.1515/9781400883882},
isbn = {9781400883882},
year = {1971},
}

@book{Thom07,
  title={Galerkin finite element methods for parabolic problems},
  author={Thom{\'e}e, Vidar},
  volume={25},
  year={2007},
  publisher={Springer Science \& Business Media}
}

@misc{BarattaEtal2023,
  title     = {{DOLFINx}: the next generation {FEniCS} problem solving environment},
  author    = {Baratta, Igor A. and Dean, Joseph P. and Dokken, J{\o{}}rgen S. and Habera, Michal and Hale, Jack S. and Richardson, Chris N. and Rognes, Marie E. and Scroggs, Matthew W. and Sime, Nathan and Wells, Garth N.},
  doi       = {10.5281/zenodo.10447666},
  year      = {2023},
  howpublished = {preprint}
}

@article{ScroggsEtal2022,
  title     = {Construction of arbitrary order finite element degree-of-freedom maps on polygonal and polyhedral cell meshes},
  author    = {Scroggs, Matthew W. and Dokken, J{\o{}}rgen S. and Richardson, Chris N. and Wells, Garth N.},
  journal   = {ACM Transactions on Mathematical Software},
  year      = {2022},
  volume    = {48},
  number    = {2},
  doi       = {10.1145/3524456},
  pages     = {{18:1--18:23}},
}

@article{BasixJoss,
  title     = {Basix: a runtime finite element basis evaluation library},
  author    = {Scroggs, Matthew W. and Baratta, Igor A. and Richardson, Chris N. and Wells, Garth N.},
  journal   = {Journal of Open Source Software},
  year      = {2022},
  volume    = {7},
  number    = {73},
  doi       = {10.21105/joss.03982},
  pages     = {3982}
}

@article{AlnaesEtal2014,
  title     = {Unified Form Language: A domain-specific language for weak formulations of partial differential equations},
  author    = {Alnaes, Martin S. and Logg, Anders and {\O{}}lgaard, Kristian B. and Rognes, Marie E. and Wells, Garth N.},
  journal   = {{ACM} Transactions on Mathematical Software},
  year      = {2014},
  volume    = {40},
  doi       = {10.1145/2566630},
}

@article{CM15,
  title={Inverse problems for linear hyperbolic equations using mixed formulations},
  author={C{\^\i}ndea, Nicolae and M{\"u}nch, Arnaud},
  journal={Inverse Problems},
  volume={31},
  number={7},
  pages={075001},
  year={2015},
  publisher={IOP Publishing}
}

@article{HH88,
author = {Hughes, Thomas J. R. and Hulbert, Gregory M.},
title = {Space-time finite element methods for elastodynamics: formulations and error estimates},
year = {1988},
issue_date = {February 1988},
publisher = {Elsevier Sequoia S. A.},
address = {CHE},
volume = {66},
number = {3},
issn = {0045-7825},
url = {https://doi.org/10.1016/0045-7825(88)90006-0},
doi = {10.1016/0045-7825(88)90006-0},
journal = {Comput. Methods Appl. Mech. Eng.},
month = {feb},
pages = {339–363},
numpages = {25}
}

@article{F93,
title = {A space-time finite element method for the wave equation},
journal = {Computer Methods in Applied Mechanics and Engineering},
volume = {107},
number = {1},
pages = {145-157},
year = {1993},
issn = {0045-7825},
doi = {https://doi.org/10.1016/0045-7825(93)90172-T},
url = {https://www.sciencedirect.com/science/article/pii/004578259390172T},
author = {French, Donald A.},
}


@article{BDE22,
  author={Burman, Erik
  and Duran, Omar
  and Ern, Alexandre},
  title={Hybrid High-Order Methods for the Acoustic Wave Equation in the Time Domain},
  journal={Communications on Applied Mathematics and Computation},
  year={2022},
  month={Jun},
  day={01},
  volume={4},
  number={2},
  pages={597-633},
  issn={2661-8893},
  doi={10.1007/s42967-021-00131-8},
  url={https://doi.org/10.1007/s42967-021-00131-8}
}


@unpublished{BP24,
  author = {Burman, Erik and Preuss, Janosch},
  title  = {Data assimilation for the wave equation based on a discontinuous Galerkin time discretization},
  note = {to be finished...},
  year   = {2024}
}

@misc{Filippas22,
      title={Quantitative unique continuation for wave operators with a jump discontinuity across an interface and applications to approximate control}, 
      author={Spyridon Filippas},
      year={2022},
      eprint={2210.04634},
      archivePrefix={arXiv},
      primaryClass={math.AP}
}


@article{MHI08,
title = {Stable and accurate wave-propagation in discontinuous media},
journal = {Journal of Computational Physics},
volume = {227},
number = {19},
pages = {8753-8767},
year = {2008},
issn = {0021-9991},
doi = {https://doi.org/10.1016/j.jcp.2008.06.023},
url = {https://www.sciencedirect.com/science/article/pii/S0021999108003434},
author = {Ken Mattsson and Frank Ham and Gianluca Iaccarino},
}


@phdthesis{StolkPhD,
  title={On the modeling and inversion of seismic data},
  author={Stolk, Christiaan},
  year={2000}
}

@article{MEMM19,
title = {An explicit pseudo-energy conserving time-integration scheme for Hamiltonian dynamics},
journal = {Computer Methods in Applied Mechanics and Engineering},
volume = {347},
pages = {906-927},
year = {2019},
issn = {0045-7825},
doi = {https://doi.org/10.1016/j.cma.2019.01.013},
author = {Frédéric Marazzato and Alexandre Ern and Christian Mariotti and Laurent Monasse}
}